@book{Hartshorne77,
    author    = {Hartshorne, Robin},
    title     = {Algebraic Geometry},
    publisher = {Springer-Verlag},
    year      = {1977},
    address   = {New York},
    series    = {Graduate Texts in Mathematics},
    volume    = {52},
    isbn      = {978-0-387-90244-9}
}

@book{Shafarevich13,
    author    = {Shafarevich, Igor R.},
    title     = {Basic Algebraic Geometry 1: Varieties in Projective Space},
    publisher = {Springer-Verlag},
    year      = {2013},
    address   = {Berlin, Heidelberg},
    edition   = {3rd},
    isbn      = {978-3-642-37955-0}
}

@book{Nakano,
    author    = {中野 茂男},
    title     = {代数幾何学入門},
    publisher = {共立出版},
    year      = {1969},
    address   = {東京},
    edition   = {初版},
    isbn      = {11}
}
